2550 4592
619 265 622 271 '
694 256 762 323 256

185 478 189 493 ¹
237 463 327 517 etism
344 460 485 519 Carneadi
504 464 642 523 successit
663 464 875 530 Clitomsohou
900 482 1025 536 quocum
1048 465 1139 519 simul
1168 481 1238 518 con·

237 551 371 622 discipuli
399 554 479 620 ejus,
505 554 651 617 suffitores
676 557 804 623 ejusdem
823 554 994 625 Carneadis,
1017 555 1176 611 Aeschines
1204 563 1236 607 et

237 637 422 709 Charmadas,
439 644 623 698 Academiam
640 630 829 729 obpinehautz
852 656 886 700 ut
900 646 1049 716 colligitur
1066 663 1082 698 e
1101 640 1162 700 Cic.
1186 645 1234 696 De

235 728 285 783 Or.
302 730 324 783 1.
347 741 395 799 11,
416 739 457 792 18.
489 734 551 786 Nec
568 733 600 785 in
616 722 798 803 scholarum,
822 754 877 791 nec
896 736 927 799 in*
946 725 1101 806 regnorum
1117 750 1235 787 succes-

236 816 373 887 sionibus,
390 820 477 875 series
495 820 537 875 ita
553 834 686 897 constans
704 833 755 878 est.
789 824 845 878 Sed
862 826 1026 890 Censorem,
1047 832 1080 876 ut
1098 822 1234 882 idiotam,

234 907 365 969 neutrius
378 907 519 963 historiae
536 927 659 980 girerum
675 931 751 982 esse,
769 931 828 968 non
845 914 991 967 miremur.
1031 913 1138 967 Sanam
1164 925 1233 963 sane

169 1052 173 1067 ¹
235 1007 362 1051 mentem
377 996 483 1055 habore
501 1016 568 1057 eum
584 1002 744 1071 oportebat,
763 1002 901 1057 hactenus
919 1000 1046 1071 quidem,
1066 1000 1233 1061 strideret,

234 1103 283 1140 me
303 1086 523 1157 prudentemet
540 1089 716 1162 cogitantem
733 1090 774 1146 ita
793 1090 954 1162 scripsisset
967 1078 1048 1161 ¹quis
1066 1088 1151 1142 nulla
1170 1095 1234 1139 erat

147 1200 151 1207 ·
235 1184 355 1237 naturse
373 1177 534 1244 necessitas,
552 1189 596 1246 ut,
616 1180 786 1234 succedente
794 1182 963 1245 Xemcrate,
980 1181 1037 1244 iam
1054 1174 1233 1247 Speusippus

197 1304 201 1311 .
235 1262 297 1327 ejus
313 1279 468 1332 successor,
482 1270 516 1319 'et
533 1265 617 1332 hujus
633 1251 706 1320 iterii
723 1248 854 1323 deceisor
870 1256 1072 1323 et‘commu'nis
1080 1263 1231 1337 magister,

234 1351 317 1405 Plato
345 1351 486 1431 obiisset..
512 1355 589 1427 Ergo
610 1356 668 1423 jam
691 1356 816 1426 cogeris,
844 1356 886 1411 mi
902 1374 1017 1423 censor,
1046 1354 1148 1420 fateri,
1182 1368 1231 1405 mc

190 1456 195 1465 ¹
234 1449 313 1510 recte
335 1439 489 1510 scripsisse.
528 1445 585 1515 Fac
610 1459 676 1496 vero
693 1461 741 1498 me
756 1444 916 1514 scripsisse,
937 1454 974 1499 ut
990 1455 1023 1498 tu
1038 1445 1137 1510 jubesx
1157 1443 1230 1494 Pla-

208 1540 299 1581 ·tone
337 1532 477 1603 ipsiusque
506 1548 661 1584 successore
692 1535 842 1603 Speusippo
875 1537 938 1600 jam
973 1535 1106 1597 mortius,
1150 1526 1230 1585 male

235 1618 411 1688 scripsissem
429 1630 480 1673 tuo
497 1618 585 1689 ipsius
602 1605 727 1693 judicius
753 1622 821 1695 quia
840 1602 953 1677 scilicet
971 1621 1047 1675 hauc
1063 1620 1108 1674 tui
1124 1617 1229 1686 iudicii

234 1707 377 1762 rationem
395 1707 504 1777 adiere,
538 1713 678 1764 norninato
696 1714 846 1781 Speusippo
872 1730 927 1765 non
948 1730 1015 1782 opus
1029 1711 1121 1781 fuisse
1136 1711 1228 1762 uomi-

235 1800 299 1850 nori
315 1799 467 1850 Platonem.
506 1797 606 1851 Viden’
631 1817 719 1871 quam
736 1799 840 1854 misere
856 1799 1018 1854 balbutire?
1039 1800 1096 1854 Sed
1119 1799 1144 1852 si
1162 1798 1227 1868 quis

192 1912 194 1919 ,
234 1886 288 1941 teli
300 1886 418 1947 ratione
435 1887 533 1943 omnia
556 1888 594 1947 erl
614 1889 712 1961 sirum
729 1905 857 1942 resecare
873 1888 959 1954 velit,
985 1889 1012 1944 is
1038 1897 1230 1942 nostratum

234 1975 266 2028 in
283 1975 480 2031 recentiorum
497 1976 623 2031 virorum
642 1976 698 2047 [69]
722 1977 870 2034 doctorum
890 1978 1018 2048 scriptis,
1041 1978 1092 2031 ssd
1107 1976 1228 2048 idipsis

234 2064 323 2118 ctiam
347 2066 482 2123 Veterum
506 2066 638 2138 operibus
664 2074 797 2119 sexcenta
818 2066 883 2119 loca
906 2066 989 2119 obelo
1011 2076 1115 2118 notare·
1126 2064 1231 2135 possit.

234 2152 378 2224 Quoniam
399 2171 469 2213 vero
481 2153 628 2219 homiuem
653 2154 813 2208 liberaliter
826 2156 987 2209 ‘educatum
1003 2154 1046 2208 ita
1063 2170 1146 2223 egere
1166 2171 1230 2208 non

226 2243 334 2309 decet,
367 2238 543 2299 t'enebrienis
565 2245 657 2299 nostri
674 2244 834 2313 exemplum
850 2261 908 2298 nou
934 2261 1053 2314 sequar,
1079 2259 1134 2295 nec
1160 2244 1229 2297 loca

235 2332 396 2403 proferam,
423 2318 554 2404 quamvis
581 2334 662 2389 factu
685 2333 813 2403 proclive
829 2332 883 2399 sit,
906 2349 922 2385 e
948 2333 1053 2404 quibus
1078 2343 1226 2410 appareat,

234 2432 334 2475 terum
358 2438 434 2488 esse,
464 2421 542 2490 quod
565 2422 650 2477 modo
675 2415 811 2476 dixerim.‘
843 2421 963 2476 Interim
986 2422 1229 2487 tameupsilemio

102 2495 106 2503 ¹
186 2532 207 2557 s·
234 2508 390 2582 praeterire
404 2510 534 2580 nequeo,
563 2508 695 2565 dicsmne
711 2497 935 2580 negligentiam,
972 2527 1010 2565 sn
1027 2511 1136 2566 molum
1149 2530 1228 2585 cerr·

234 2599 306 2654 soris
331 2599 448 2655 dolum?
471 2588 643 2654 lirimarium
666 2598 789 2669 censoris
815 2598 944 2652 officium
967 2597 1000 2653 ia
1024 2616 1059 2653 co
1085 2600 1226 2669 cernitur,

154 2712 208 2753 λ’,
234 2687 289 2744 ut'
291 2687 437 2759 scriptoris
468 2690 573 2757 verbs,
609 2676 683 2759 imae
715 2676 844 2741 cessoris
879 2687 991 2769 virgula
1015 2689 1141 2742 notanda
1167 2692 1228 2744 sibi

234 2779 385 2847 sumserit,
410 2788 560 2842 accurate,
585 2788 615 2831 et
630 2785 666 2831 ut
688 2776 859 2835 structore
881 2794 933 2829 suo
953 2777 1058 2853 scripte
1073 2778 1147 2847 siut,
1171 2780 1228 2833 de·

233 2869 340 2923 scribat
355 2877 384 2921 et
400 2879 532 2939 apponet.
574 2870 612 2921 At
637 2860 705 2920 voro
721 2875 817 2918 noster
833 2864 957 2919 eranista
975 2856 1062 2943 rerba
1078 2883 1145 2920 mea
1162 2887 1229 2922 cor·

235 2957 321 3028 rupit.
355 2959 415 3027 Ego
433 2957 510 3011 enim
529 2955 570 3009 ita
585 2955 705 3029 scripsit
730 2957 895 3027 Speusippo,
919 2950 1058 3026 ipsiusque
1077 2950 1228 3012 decessore

233 3049 359 3109 Platone,
378 3050 436 3109 jam
452 3048 574 3113 mortuis·
608 3044 682 3098 Nam
701 3061 770 3097 voce
786 3047 990 3121 praedecessore
1009 3045 1090 3099 Galli
1106 3048 1240 3117 quidem.

233 3146 372 3211 utuntur,
407 3153 530 3206 quorum
551 3134 659 3205 scripta
683 3132 787 3202 legerit
810 3145 907 3188 noster
929 3152 1043 3189 censor:
1076 3151 1133 3191 non
1155 3156 1227 3193 vero

234 3227 326 3280 bonae
351 3224 516 3281 Latinitatis
532 3234 676 3290 suctores,
701 3223 738 3275 ad
768 3241 890 3294 quorum
914 3226 1073 3296 exemplum
1091 3243 1144 3297 ego
1162 3246 1228 3282 ore·

235 3315 344 3379 tionem
360 3330 455 3370 meam
472 3300 688 3375 accommodare
704 3311 810 3367 studui.

250 3428 252 3433 ·
301 3406 377 3461 xvl.
397 3406 591 3478 Subsequente
618 3401 861 3458 animadversione
885 3402 970 3457 homo
992 3404 1057 3475 pica
1075 3406 1228 3476 loquacior

234 3493 480 3566 impudentissime
498 3478 617 3547 damnat
623 3531 632 3560 ,
658 3510 731 3563 quae
755 3511 813 3549 non
835 3492 988 3566 intelligit.
1019 3494 1123 3566 Scripsi
1140 3496 1228 3552 distr.

233 3601 316 3641 mese
331 3601 359 3653 p.
378 3598 425 3652 17:
442 3600 512 3654 quae
528 3572 652 3654 sequenti
667 3587 759 3654 eapite
777 3601 906 3652 exponere
917 3587 1101 3653 promisimus.
1120 3586 1228 3638 Noster

225 3669 332 3733 'sutem
350 3673 514 3731 Latinitatis
531 3672 685 3745 magister,
702 3673 874 3726 scribendum
888 3683 944 3734 est,
960 3656 1072 3743 inquii,
1090 3675 1149 3723 siue
1166 3675 1228 3726 ulla

159 3776 164 3795 ¹
235 3746 431 3825 controversia:
457 3764 537 3832 Quae
561 3763 691 3832 sequenti
717 3762 810 3833 capite
831 3761 888 3833 [70]
906 3782 957 3815 nos
975 3765 1142 3832 exposituros
1159 3766 1241 3830 pro·'

233 3852 373 3908 misimus.
408 3880 441 3893 ·-
494 3855 596 3906 Nonne
625 3854 744 3921 jurares,
767 3851 863 3922 ipsum
894 3850 960 3906 cum
988 3853 1064 3905 lacte
1092 3862 1226 3906 materno

231 3943 331 3999 Latini
357 3940 493 3997 sermonis
518 3940 712 4013 cognitionem
734 3940 874 3996 suxissse?
896 3942 958 3996 lmo
977 3938 1094 3996 Latinas
1111 3940 1227 4017 Literas
